<record><leader>00000cas a22000007a 4500</leader><controlfield tag="001">11682217</controlfield><controlfield tag="008">850211d19251926wiuwr ne      0    0eng d</controlfield><datafield ind1=" " ind2=" " tag="010"><subfield code="a">sn 85040150 </subfield></datafield><datafield ind1=" " ind2=" " tag="040"><subfield code="a">NPV</subfield><subfield code="b">eng</subfield><subfield code="c">NPV</subfield><subfield code="d">OCLCQ</subfield></datafield><datafield ind1=" " ind2=" " tag="042"><subfield code="a">msc</subfield></datafield><datafield ind1="0" ind2="4" tag="245"><subfield code="a">The Shorewood radio and gold coast review.</subfield></datafield><datafield ind1="1" ind2="7" tag="246"><subfield code="a">Shorewood radio</subfield></datafield><datafield ind1=" " ind2=" " tag="260"><subfield code="a">Shorewood, Milwaukee, Wis. :</subfield><subfield code="b">E.G. Henkel Pub. Co.,</subfield><subfield code="c">1925-</subfield></datafield><datafield ind1=" " ind2=" " tag="300"><subfield code="a">v. :</subfield><subfield code="b">ill.</subfield></datafield><datafield ind1=" " ind2=" " tag="310"><subfield code="a">Weekly</subfield></datafield><datafield ind1="0" ind2=" " tag="362"><subfield code="a">Vol. 2, no. 45 (Aug. 21, 1925)-</subfield></datafield><datafield ind1="1" ind2=" " tag="362"><subfield code="a">Ceased with Jan. 1, 1926 issue?</subfield></datafield><datafield ind1=" " ind2=" " tag="752"><subfield code="a">United States</subfield><subfield code="b">Wisconsin</subfield><subfield code="c">Milwaukee</subfield><subfield code="d">Shorewood.</subfield></datafield><datafield ind1=" " ind2=" " tag="752"><subfield code="a">United States</subfield><subfield code="b">Wisconsin</subfield><subfield code="c">Milwaukee</subfield><subfield code="d">Milwaukee.</subfield></datafield><datafield ind1="0" ind2="0" tag="780"><subfield code="t">Shorewood radio</subfield><subfield code="w">(DLC)sn 85040149</subfield></datafield><datafield ind1="0" ind2="0" tag="785"><subfield code="t">Shorewood radio and north shore review</subfield><subfield code="w">(DLC)sn 85040151</subfield></datafield></record>